<?xml version="1.0" encoding="UTF-8"?><collection xmlns="http://www.loc.gov/MARC21/slim"><record><leader>00556nam--2200181-i-4500</leader><controlfield tag="001">000002218</controlfield><controlfield tag="002">20161230</controlfield><controlfield tag="005">20161230201024</controlfield><controlfield tag="008">060222s1000------------r-----000-0-eng-d</controlfield><datafield ind1=" " ind2=" " tag="040"><subfield code="a">IFIN-HH</subfield></datafield><datafield ind1=" " ind2=" " tag="080"><subfield code="a">52.728</subfield></datafield><datafield ind1="1" ind2=" " tag="100"><subfield code="a">Fiorini, Ettore</subfield></datafield><datafield ind1="1" ind2="0" tag="245"><subfield code="a">Neutrino physics and astrophysics. ettore majorana international science series. vol. 12</subfield><subfield code="c">Ettore fiorini (ed.)</subfield></datafield><datafield ind1=" " ind2=" " tag="260"><subfield code="a">New York</subfield><subfield code="b">Plenum Press</subfield><subfield code="c">1982</subfield></datafield><datafield ind1=" " ind2=" " tag="300"><subfield code="a">IX + 421 P</subfield></datafield><datafield ind1=" " ind2=" " tag="490"><subfield code="a">Ettore Majorana International Science Series, 12</subfield></datafield><datafield ind1=" " ind2=" " tag="852"><subfield code="a">48928</subfield><subfield code="c">53</subfield></datafield><datafield ind1=" " ind2=" " tag="CAT"><subfield code="a">Sys</subfield><subfield code="c">20150331</subfield><subfield code="h">102643</subfield></datafield></record></collection>